@ARTICLE{chiRubinReview2017,
       author = {{Rubin}, Alan E. and {Ma}, Chi},
        title = "{Meteoritic minerals and their origins}",
      journal = {Chemie der Erde / Geochemistry},
         year = 2017,
        month = sep,
       volume = {77},
       number = {3},
        pages = {325-385},
          doi = {10.1016/j.chemer.2017.01.005},
       adsurl = {https://ui.adsabs.harvard.edu/abs/2017ChEG...77..325R}
}

@book{norton2008,
  doi = {10.1007/978-1-84800-157-2},
  url = {https://doi.org/10.1007/978-1-84800-157-2},
  year = {2008},
  publisher = {Springer London},
  author = {O. Richard Norton and Lawrence A. Chitwood},
  title = {Field Guide to Meteors and Meteorites}
}

@ARTICLE{asu-cbm,
       author = {{Weiss}, Thomas M.},
        title = "{The Arizona state university center for meteorite studies}",
      journal = {Science Education},
         year = 1967,
        month = jan,
       volume = {51},
       number = {3},
        pages = {239-242},
          doi = {10.1002/sce.3730510306},
       adsurl = {https://ui.adsabs.harvard.edu/abs/1967SciEd..51..239W},
      adsnote = {Provided by the SAO/NASA Astrophysics Data System}
}

@InProceedings{McKinney2009,
  author    = { {W}es {M}c{K}inney },
  title     = { {D}ata {S}tructures for {S}tatistical {C}omputing in {P}ython },
  booktitle = { {P}roceedings of the 9th {P}ython in {S}cience {C}onference },
  pages     = { 56 - 61 },
  year      = { 2010 },
  editor    = { {S}t\'efan van der {W}alt and {J}arrod {M}illman },
  doi       = { 10.25080/Majora-92bf1922-00a }
}

@Article{harris2020,
 title         = {Array programming with {NumPy}},
 author        = {Charles R. Harris and K. Jarrod Millman and St{\'{e}}fan J.
                 van der Walt and Ralf Gommers and Pauli Virtanen and David
                 Cournapeau and Eric Wieser and Julian Taylor and Sebastian
                 Berg and Nathaniel J. Smith and Robert Kern and Matti Picus
                 and Stephan Hoyer and Marten H. van Kerkwijk and Matthew
                 Brett and Allan Haldane and Jaime Fern{\'{a}}ndez del
                 R{\'{i}}o and Mark Wiebe and Pearu Peterson and Pierre
                 G{\'{e}}rard-Marchant and Kevin Sheppard and Tyler Reddy and
                 Warren Weckesser and Hameer Abbasi and Christoph Gohlke and
                 Travis E. Oliphant},
 year          = {2020},
 month         = sep,
 journal       = {Nature},
 volume        = {585},
 number        = {7825},
 pages         = {357--362},
 doi           = {10.1038/s41586-020-2649-2},
 publisher     = {Springer Science and Business Media {LLC}},
 url           = {https://doi.org/10.1038/s41586-020-2649-2}
}

@Article{hunter2007,
  Author    = {Hunter, J. D.},
  Title     = {Matplotlib: A 2D graphics environment},
  Journal   = {Computing in Science \& Engineering},
  Volume    = {9},
  Number    = {3},
  Pages     = {90--95},
  abstract  = {Matplotlib is a 2D graphics package used for Python for
  application development, interactive scripting, and publication-quality
  image generation across user interfaces and operating systems.},
  publisher = {IEEE COMPUTER SOC},
  doi       = {10.1109/MCSE.2007.55},
  year      = 2007
}

@article{VolzandGupta,
  title = {Elastic moduli of hexagonal diamond and cubic diamond formed under shock compression},
  author = {Volz, Travis J. and Gupta, Y. M.},
  journal = {Phys. Rev. B},
  volume = {103},
  issue = {10},
  pages = {L100101},
  numpages = {6},
  year = {2021},
  month = {Mar},
  publisher = {American Physical Society},
  doi = {10.1103/PhysRevB.103.L100101},
  url = {https://link.aps.org/doi/10.1103/PhysRevB.103.L100101}
}

@ARTICLE{Ma2012,
       author = {{Ma}, C. and {Tschauner}, O. and {Beckett}, J.~R. and {Rossman}, G.~R. and {Liu}, W.},
        title = "{Panguite, (Ti4+,Sc,Al,Mg,Zr,Ca)1.8O3, a new ultra-refractory titania mineral from the Allende meteorite: Synchrotron micro-diffraction and EBSD}",
      journal = {American Mineralogist},
         year = 2012,
        month = jul,
       volume = {97},
       number = {7},
        pages = {1219-1225},
          doi = {10.2138/am.2012.4027},
       adsurl = {https://ui.adsabs.harvard.edu/abs/2012AmMin..97.1219M}
}

@article{Lewis2014,
	doi = {10.1088/0953-8984/26/6/064213},
	url = {https://doi.org/10.1088/0953-8984/26/6/064213},
	year = 2014,
	month = {jan},
	publisher = {{IOP} Publishing},
	volume = {26},
	number = {6},
	pages = {064213},
	author = {L H Lewis and A Mubarok and E Poirier and N Bordeaux and P Manchanda and A Kashyap and R Skomski and J Goldstein and F E Pinkerton and R K Mishra and R C Kubic Jr and K Barmak},
	title = {Inspired by nature: investigating tetrataenite for permanent magnet applications},
	journal = {Journal of Physics: Condensed Matter}
} 
@ARTICLE{Bindi2015,
       author = {{Bindi}, Luca and {Yao}, Nan and {Lin}, Chaney and {Hollister}, Lincoln S. and {Andronicos}, Christopher L. and {Distler}, Vadim V. and {Eddy}, Michael P. and {Kostin}, Alexander and {Kryachko}, Valery and {MacPherson}, Glenn J. and {Steinhardt}, William M. and {Yudovskaya}, Marina and {Steinhardt}, Paul J.},
        title = "{Decagonite, Al71Ni24Fe5, a quasicrystal with decagonal symmetry from the Khatyrka CV3 carbonaceous chondrite}",
      journal = {American Mineralogist},
         year = 2015,
        month = oct,
       volume = {100},
       number = {10},
        pages = {2340-2343},
          doi = {10.2138/am-2015-5423},
       adsurl = {https://ui.adsabs.harvard.edu/abs/2015AmMin.100.2340B}
}

@article{FRONDEL1967,
  doi = {10.1038/214587a0},
  url = {https://doi.org/10.1038/214587a0},
  year = {1967},
  month = may,
  publisher = {Springer Science and Business Media {LLC}},
  volume = {214},
  number = {5088},
  pages = {587--589},
  author = {Clifford Frondel and Ursula B. Marvin},
  title = {Lonsdaleite,  a Hexagonal Polymorph of Diamond},
  journal = {Nature}
}